% Encoding: UTF-8
@comment{x-kbibtex-personnameformatting=<%l><, %f>}


@phdthesis{Bouabdalla2007,
    title    = {Design and control of quadrotors with application to autonomous flying},
    school   = {École Polytechnique Fédérale de Lausanne},
    author   = {Bouabdallah, Samir},
    year     = {2007},
}

@book{Parallel_Manipulators,
author = "Jaime Gallardo-Alvarado",
title = "An Overview of Parallel Manipulators",
publisher = "Springer",
address = "Manhattan, NY",
year = "2016"
}

@book{DAndrea2012,
author = "Sergei Lupashin and Raffaello D’Andrea",
title = "Adaptive fast open-loop maneuvers for quadrocopters",
publisher = "Springer",
pages = "89-102",
address = "Manhattan, NY",
year = "2012"
}

@INPROCEEDINGS{Mellinger2011,
  author={Mellinger, Daniel and Kumar, Vijay},
  booktitle={2011 IEEE International Conference on Robotics and Automation}, 
  title={Minimum snap trajectory generation and control for quadrotors}, 
  year={2011},
  volume={},
  number={},
  pages={2520-2525},
  doi={10.1109/ICRA.2011.5980409}}
  
@article{Faessler2018,
   author={Matthias Faessler and Antonio Franchi and Davide Scaramuzza},
   title={Differential flatness of quadrotor dynamics subject to rotor drag for accurate tracking of high-speed trajectories.},
   journal={IEEE Robot. Autom. Lett},
   pages = "620-626",
   year=2018,
}

@article{Fritzsche2019,
   author={Klemens Fritzsche, Yuhang Guo, Klaus Robenack},
   title={Some remarks concerning differential flatness and tangent systems.},
   journal={23rd International Conference on System Theory, Control and Computing (ICSTCC),10.1109/ICSTCC.2019.8886157},
   pages = "173-179",
   year=2019,
}

 @misc{bitcraze, title={Controllers in the Crazyflie}, url={https://www.bitcraze.io/documentation/repository/crazyflie-firmware/master/functional-areas/sensor-to-control/controllers/}, journal={Bitcraze}} 

@mastersthesis{Sabatino2015,
   author={F. Sabatino},
   title={Quadrotor control: modeling, nonlinear control design, and simulation.},
   Institution={KTH Stockholm},
   year=2015,
}


@article{BouabdallahNothSiegwart2018,
   author="{S. Bouabdallah, A. Noth and R. Siegwart.}",
   title={PID vs LQ control techniques
applied to an indoor micro quadrotor. },
   journal={IEEE International Conference on Intelligent
Robots and Systems (IROS)},
   pages = "2451-2456",
   year=2004,
}

@article{Cowling2007,
   author="{Ian D. Cowling, Oleg A. Yakimenko, James F. Whidborne, and Alastair K. Cooke.}",
   title={A prototype of an autonomous controller for a quadrotor UAV.},
   journal={2007 European Control Conference (ECC)},
   pages = "4001-4008",
   year=2007,
}

@article{Minh2010,
   author="{Ly Dat Minh and Cheolkeun Ha.}",
   title={Modeling and control of quadrotor MAV using visionbased measurement.},
   journal={2010 International Forum on Strategic Technology (IFOST)},
   pages = "70-75",
   year=2010,
}

@article{Han2012,
   author="{Keun Uk Lee, Han Sol Kim, Jin Bae Park, and Yoon Ho Choi.}",
   title={Hovering control of a quadrotor.},
   journal={2012 12th International Conference on Control, Automation and Systems (ICCAS)},
   pages = "162-167",
   year=2012,
}

@article{Altug2007,
   author="{Bora Erginer and Erdinc Altug.}",
   title={Modeling and PD control of a quadrotor VTOL vehicle.},
   journal={2007 IEEE Intelligent Vehicles Symposium},
   pages = "894-899",
   year=2007,
}

@article{Utkin1997,
author = {V.I. Utkin},
year = {1977},
pages = {212-222},
title = {Variable Structure systems with Sliding Modes},
journal = {IEEE Transaction on
Automatic Control},
}

@article{DeCarlo1998,
author = {Raymond A. {DeCarlo} and Stanislaw H. {Zak} and Gregory {Mathews}},
year = {1988},
title = {Variable Structure Control of Nonlinear Multivariable Systems: A Tutorial},
journal = {Proceedings of the IEEE, vol. 76,
No. 3},
}

@article{Hung1993,
author = {J. Y. {Hung} and W. {Gao} and J.C. {Hung}},
year = {1993},
title = {Variable Structure Control: A Survey},
journal = {IEEE Trans.
on Industrial Electronics, vol. 40, No. 1},
}

@article{Young1999,
author = { K.D. {Young} and V.I. {Utkin} and Ü. {Özgüner}},
year = {1999},
title = {A control engineer’s guide to Sliding Mode Control},
journal = {IEEE Transactions on Control Systems Technology 7},
pages = {328-342}
}

@inproceedings{DeCarlo2008,
  title={A Quick Introduction to Sliding Mode Control and Its Applications 1},
  author={R. DeCarlo and S. Zak},
  year={2008}
}

@article{Levant1993,
author = { A. Levant},
year = {1993},
title = {Sliding order and sliding accuracy in sliding mode control},
journal = {International Journal of Control, 58(6), 1993},
pages = {1247-1263}
}

@article{Bartolini1999,
author = { G. {Bartolini} and A. {Ferrara} and A. {Levant} E. {Usai}},
year = {1999},
title = {On second order sliding mode controller” in Variable structure systems, sliding mode and nonlinear control},
journal = {Springer Lecture Notes in Control and Information Sciences },
volume = {247},
pages = {1247-1263}
}

@article{Madani2006,
author = { T. {Madani} and A. {Benallegue}},
year = {2006},
title = {Backstepping control for a quadrotor helicopter.},
journal = {2006 IEEE/RSJ International Conference on Intelligent Robots and Systems},
pages = {3255-3260}
}

@article{Gao2011,
author = {Z. {Fang} and W. {Gao}},
year = {2011},
title = {Adaptive integral backstepping control of a micro-quadrotor.},
journal = {2nd International Conference on Intelligent Control and Information Processing (ICICIP)},
pages = {910-915}
}

@article{Antonelli2013,
author = {G. {Antonelli} and E. {Cataldi} and P. {Robuffo Giordano} and S. {Chiaverini} and 
A. {Franchi}},
year = {2013},
title = {Experimental validation of a new adaptive control scheme for quadrotors MAVs},
journal = {2013 IEEE/RSJ International Conference on Intelligent Robots and Systems
(IROS)},
pages = {2439-2444}
}

@article{Diao2011,
author = {Chen {Diao} and Bin {Xian} and Qiang {Yin} and Wei {Zeng} and Haotao {Li} and Yungao {Yang}},
year = {2011},
title = {A nonlinear adaptive control approach for quadrotor UAVs},
journal = {2011 8th Asian Control Conference
(ASCC)},
pages = {223-228}
}

@book{Bartolini2008,
author = {G. {Bartolini} and L. {Fridman} and A. {Pisano} and E. {Usai}},
title = {Modern Sliding Mode Control Theory. New Perspectives and Applications.},
publisher = "Springer Lecture Notes in Control
and Information Sciences",
year = "2008"
}

@article{Zulu2016,
author = {Andrew {Zulu} and Samuel{John}},
year = {2016},
title = {A review of control algorithms for autonomous quadrotors}
}

%%%%%%%%%%%%%%%%%%%%%%%%%%%%%%%%%% MPC References %%%%%%%%%%%%%%%%%%%%%%%%%%%%%%%%%%
@article{Kirillova2000,
author = {Gabasov, R. and Kirillova, Faina and Balashevich, N.V.},
year = {2000},
month = {09},
pages = {155 - 168},
title = {Open-loop and closed-loop optimization of linear control systems},
volume = {2},
journal = {Asian Journal of Control},
doi = {10.1111/j.1934-6093.2000.tb00154.x}
}

@book{How2008,
title={Principles of Optimal Control}, 
journal={MIT OpenCourseWare}, publisher={MIT}, author="{Jonathan How}", 
year={2008}
}

@article{Kozak2014,
author = {Kozak, Š.Kozák},
year = {2014},
month = {05},
pages = {1–9},
title = {State-of-the-art in Control Engineering},
volume = {1},
journal = {Journal of Electrical Systems and Information Technology},
doi = {10.1016/j.jesit.2014.03.002}
}


@misc{MathWorks2018,
  author       = {MathWorks}, 
  title        = {Choose Sample Time and Horizons},
  howpublished = {\url{https://www.mathworks.com/help/releases/R2018a/mpc/ug/choosing-sample-time-and-horizons.html?s_eid=PSM_15028}},
  year         = 2018,
  note         = { From the Model Predictive Control Toolbox }
}

@misc{MathWorks2018b,
  author       = {MathWorks}, 
  title        = {Specify Constraints},
  howpublished = {\url{https://www.mathworks.com/help/releases/R2018a/mpc/ug/specifying-constraints.html?s_eid=PSM_15028}},
  year         = 2018,
  note         = { From the Model Predictive Control Toolbox }
}

@misc{MathWorks2018c,
  author       = {MathWorks}, 
  title        = {Tune Weights},
  howpublished = {\url{https://www.mathworks.com/help/mpc/ug/tuning-weights.html?s_eid=PSM_15028}},
  year         = 2018,
  note         = { From the Model Predictive Control Toolbox }
}

@article{Kostova2013,
author = {Kostova, Snezhana and Ivanov, Ivan and Imsland, Lars and Georgieva, Nonka},
year = {2013},
month = {01},
pages = {},
title = {Infinite horizon LQR problem of linear discrete time positive systems},
volume = {66},
journal = {Proceeding of the Bulgarian Academy of Sciences}
}

@INPROCEEDINGS{Alvarez-Valle2019,
  author={Alvarez-Valle, Robinson S. and Rivadeneira, Pablo S.},
  booktitle={2019 IEEE 4th Colombian Conference on Automatic Control (CCAC)}, 
  title={Design of Predictive Control Structures to Track Trajectories for Multi-rotor Unmanned Aerial Vehicle}, 
  year={2019},
  volume={},
  number={},
  pages={1-6},
  doi={10.1109/CCAC.2019.8921205}}

@INPROCEEDINGS{Bingfang2004,
  author={Ling, K.V. and Wu Bingfang and He Minghua and Zhang Yu},
  booktitle={Proceedings of the 2004 American Control Conference}, 
  title={A model predictive controller for multirate cascade systems}, 
  year={2004},
  volume={2},
  number={},
  pages={1575-1579 vol.2},
  doi={10.23919/ACC.2004.1386801}}

%%%%%%%%%%%%%%%%%%%%%%%%%%%%%%%%%% acados %%%%%%%%%%%%%%%%%%%%%%%%%%%%%%%%%%
@InProceedings {MPT3,
    author={M. Herceg and M. Kvasnica and C.N. Jones and M. Morari},
    title={{Multi-Parametric Toolbox 3.0}},
    booktitle={Proc.~of the European Control Conference},
    year={2013},
    address={Z\"urich, Switzerland},
    month={July 17--19},
    pages = {502--510},
    note = {\url{http://control.ee.ethz.ch/~mpt}}
}

@article{qpOASES, title={qpOASES: a parametric active-set algorithm for quadratic programming}, volume={6}, DOI={10.1007/s12532-014-0071-1}, number={4}, journal={Mathematical Programming Computation}, author={Ferreau, Hans Joachim and Kirches, Christian and Potschka, Andreas and Bock, Hans Georg and Diehl, Moritz}, year={2014}, pages={327–363}}

@article{FORCES, title={Efficient interior point methods for multistage problems arising in receding horizon control}, DOI={10.1109/cdc.2012.6426855}, journal={2012 IEEE 51st IEEE Conference on Decision and Control (CDC)}, author={Domahidi, Alexander and Zgraggen, Aldo U. and Zeilinger, Melanie N. and Morari, Manfred and Jones, Colin N.}, year={2012}}

@article{ACADO, title={Efficient interior point methods for multistage problems arising in receding horizon control}, DOI={10.1109/cdc.2012.6426855}, journal={2012 IEEE 51st IEEE Conference on Decision and Control (CDC)}, author={Domahidi, Alexander and Zgraggen, Aldo U. and Zeilinger, Melanie N. and Morari, Manfred and Jones, Colin N.}, year={2012}}

@misc{IPOPT, title={IPOPT Documentation}, url={https://coin-or.github.io/Ipopt/}, journal={Ipopt: Documentation}}


@article{pythm001,
	author = "Pythagoras, Of Samos",
	journal = "Some old journal",
	month = feb,
	number = "1",
	title = "{Theorem}",
	volume = "1",
	year = "-580"
}

@article{euclides300,
	author = "Euclides, Of Alexandria",
	journal = "Self-published",
	month = feb,
	number = "1",
	title = "{Elements}",
	volume = "1",
	year = "-300"
}


@Comment{jabref-meta: databaseType:bibtex;}
